<?xml version="1.0" encoding="utf-8"?>
<record xmlns="http://www.loc.gov/MARC21/slim" xmlns:xsi="http://www.w3.org/2001/XMLSchema-instance" xsi:schemaLocation="http://www.loc.gov/MARC21/slim http://www.loc.gov/standards/marcxml/schema/MARC21slim.xsd">
	<leader>     nam a22        4500</leader>
	<controlfield tag="001">3526982</controlfield>
	<controlfield tag="003">NIC</controlfield>
	<controlfield tag="006">m        d        </controlfield>
	<controlfield tag="007">cr cn |||m|||a</controlfield>
	<controlfield tag="008">150505m19551964le      o     000 0 ara  </controlfield>
	<datafield ind1=" " ind2=" " tag="040">
		<subfield code="a">NNU</subfield>
		<subfield code="b">eng</subfield>
		<subfield code="e">rda</subfield>
		<subfield code="c">NNU</subfield>
	</datafield>
	<datafield ind1="0" ind2="0" tag="050">
		<subfield code="a">PJ7631</subfield>
		<subfield code="b">.A2 1955</subfield>
	</datafield>
	<datafield ind1="0" ind2=" " tag="100">
		<subfield code="6">880-01</subfield>
		<subfield code="a">Abū al-Faraj al-Iṣbahānī,</subfield>
		<subfield code="d">897 or 898-967.</subfield>
	</datafield>
	<datafield ind1="1" ind2="0" tag="240">
		<subfield code="6">880-02</subfield>
		<subfield code="a">Aghānī</subfield>
	</datafield>
	<datafield ind1="1" ind2="0" tag="245">
		<subfield code="6">880-03</subfield>
		<subfield code="a">Kitāb al-aghānī /</subfield>
		<subfield code="c">taʼlīf Abī al-Faraj al-Iṣfahānī ; ashrafa ʻalá murājaʻtihi wa-ṭabaʻih ʻAbd Allāh al-ʻAlāyilī, Mūsá Sulaymān, Aḥmad Abū Saʻd.</subfield>
	</datafield>
	<datafield ind1=" " ind2=" " tag="260">
		<subfield code="6">880-04</subfield>
		<subfield code="a">Bayrūt :</subfield>
		<subfield code="b">Dār al-Thaqāfah,</subfield>
		<subfield code="c">[1955-1964]</subfield>
	</datafield>
	<datafield ind1=" " ind2=" " tag="300">
		<subfield code="a">online resource (25 volumes)</subfield>
	</datafield>
	<datafield ind1=" " ind2=" " tag="336">
		<subfield code="a">text</subfield>
		<subfield code="2">rdacontent</subfield>
	</datafield>
	<datafield ind1=" " ind2=" " tag="337">
		<subfield code="a">computer</subfield>
		<subfield code="2">rdamedia</subfield>
	</datafield>
	<datafield ind1=" " ind2=" " tag="338">
		<subfield code="a">online resource</subfield>
		<subfield code="2">rdacarrier</subfield>
	</datafield>
	<datafield ind1=" " ind2=" " tag="500">
		<subfield code="a">Some volumes in revised editions.</subfield>
	</datafield>
	<datafield ind1=" " ind2=" " tag="500">
		<subfield code="a">Vols. 24-25: al-Fahāris.</subfield>
	</datafield>
	<datafield ind1=" " ind2=" " tag="500">
		<subfield code="a">Part of the Arabic Collections Online (ACO) project, contributed by Cornell University Libraries.</subfield>
	</datafield>
	<datafield ind1=" " ind2=" " tag="533">
		<subfield code="a">Electronic reproduction.</subfield>
		<subfield code="b">New York, N.Y. :</subfield>
		<subfield code="c">New York University,</subfield>
		<subfield code="d">2015.</subfield>
		<subfield code="5">NNU</subfield>
	</datafield>
	<datafield ind1=" " ind2="0" tag="650">
		<subfield code="a">Arabic poetry</subfield>
		<subfield code="v">Early works to 1800.</subfield>
	</datafield>
	<datafield ind1=" " ind2="7" tag="650">
		<subfield code="a">Arabic poetry.</subfield>
		<subfield code="2">fast</subfield>
		<subfield code="0">(OCoLC)fst00812533</subfield>
	</datafield>
	<datafield ind1=" " ind2="7" tag="655">
		<subfield code="a">Early works.</subfield>
		<subfield code="2">fast</subfield>
		<subfield code="0">(OCoLC)fst01411636</subfield>
	</datafield>
	<datafield ind1="1" ind2=" " tag="700">
		<subfield code="6">880-05</subfield>
		<subfield code="a">Farrāj, ʻAbd al-Sattār Aḥmad.</subfield>
	</datafield>
	<datafield ind1="1" ind2=" " tag="700">
		<subfield code="6">880-06</subfield>
		<subfield code="a">ʻAlāyilī, ʻAbd Allāh.</subfield>
	</datafield>
	<datafield ind1="1" ind2=" " tag="700">
		<subfield code="6">880-07</subfield>
		<subfield code="a">Sulaymān, Mūsá.</subfield>
	</datafield>
	<datafield ind1="1" ind2=" " tag="700">
		<subfield code="6">880-08</subfield>
		<subfield code="a">Abū Saʻd, Aḥmad.</subfield>
	</datafield>
	<datafield ind1="2" ind2=" " tag="710">
		<subfield code="a">Cornell University.</subfield>
		<subfield code="b">Libraries.</subfield>
	</datafield>
	<datafield ind1="0" ind2=" " tag="730">
		<subfield code="a">Arabic Collections Online.</subfield>
	</datafield>
	<datafield ind1="0" ind2=" " tag="740">
		<subfield code="6">880-09</subfield>
		<subfield code="a">Aghānī.</subfield>
	</datafield>
	<datafield ind1="0" ind2="8" tag="776">
		<subfield code="i">Online version:</subfield>
		<subfield code="a">Abū al-Faraj al-Iṣbahānī, 897 or 8-967.</subfield>
		<subfield code="t">Kitāb al-aghānī.</subfield>
		<subfield code="d">Bayrūt : Dār al-Thaqāfah, [1955-1964]</subfield>
		<subfield code="w">(OCoLC)576783908</subfield>
	</datafield>
	<datafield ind1="0" ind2="8" tag="776">
		<subfield code="i">Print version:</subfield>
		<subfield code="a">Abū al-Faraj al-Iṣbahānī, 897 or 898-967.</subfield>
		<subfield code="t">Kitāb al-aghānī</subfield>
		<subfield code="w">(NIC)3526982</subfield>
		<subfield code="w">(DLC)ne 61000170 </subfield>
		<subfield code="w">(OCoLC)12386490</subfield>
	</datafield>
	<datafield ind1="4" ind2="0" tag="856">
		<subfield code="u">http://hdl.handle.net/2333.1/5mkkwkjc</subfield>
	</datafield>
	<datafield ind1="0" ind2=" " tag="880">
		<subfield code="6">100-01/r</subfield>
		<subfield code="a">ابو الفرج الاصبهاني،,</subfield>
		<subfield code="d">897 or 898-967.</subfield>
	</datafield>
	<datafield ind1="1" ind2="0" tag="880">
		<subfield code="6">240-02/r</subfield>
		<subfield code="a">أغاني</subfield>
	</datafield>
	<datafield ind1="1" ind2="0" tag="880">
		<subfield code="6">245-03/r</subfield>
		<subfield code="a">كتاب الأغاني /</subfield>
		<subfield code="c">تأليف أبي الفرج الاصفهاني ؛ أشرف على مراجعته وطبعه عبد الله العلايلي، موسى سليمان، أحمد أبو سعد.</subfield>
	</datafield>
	<datafield ind1=" " ind2=" " tag="880">
		<subfield code="6">260-04/r</subfield>
		<subfield code="a">بيروت :</subfield>
		<subfield code="b">دار الثقافة،</subfield>
		<subfield code="c">[1955-1964]</subfield>
	</datafield>
	<datafield ind1="1" ind2=" " tag="880">
		<subfield code="6">700-05/r</subfield>
		<subfield code="a">فراج، عبد الستار أحمد.</subfield>
	</datafield>
	<datafield ind1="1" ind2=" " tag="880">
		<subfield code="6">700-06/r</subfield>
		<subfield code="a">علايلي، عبد الله.</subfield>
	</datafield>
	<datafield ind1="1" ind2=" " tag="880">
		<subfield code="6">700-07/r</subfield>
		<subfield code="a">سليمان، موسى.</subfield>
	</datafield>
	<datafield ind1="1" ind2=" " tag="880">
		<subfield code="6">700-08/r</subfield>
		<subfield code="a">ابو سعد، احمد.</subfield>
	</datafield>
	<datafield ind1="0" ind2=" " tag="880">
		<subfield code="6">740-09/r</subfield>
		<subfield code="a">اغاني.</subfield>
	</datafield>
	<datafield ind1=" " ind2=" " tag="959">
		<subfield code="a">NNU</subfield>
		<subfield code="b">WEB</subfield>
		<subfield code="c">GENI</subfield>
		<subfield code="t">0</subfield>
		<subfield code="m">Electronic access</subfield>
		<subfield code="s">01</subfield>
	</datafield>
	<datafield ind1=" " ind2=" " tag="999">
		<subfield code="i">NIC_3526982</subfield>
		<subfield code="o">(OCoLC)ocm12386490 </subfield>
		<subfield code="s">cornell_aco000382:v.1:pt.1-4</subfield>
		<subfield code="s">cornell_aco000381:v.3:pt.1-3</subfield>
		<subfield code="s">cornell_aco000380:v.4</subfield>
		<subfield code="s">cornell_aco000379:v.5</subfield>
		<subfield code="s">cornell_aco000378:v.6</subfield>
		<subfield code="s">cornell_aco000377:v.7</subfield>
		<subfield code="s">cornell_aco000376:v.8</subfield>
		<subfield code="s">cornell_aco000375:v.9</subfield>
		<subfield code="s">cornell_aco000374:v.10</subfield>
		<subfield code="s">cornell_aco000373:v.11</subfield>
		<subfield code="s">cornell_aco000372:v.12</subfield>
		<subfield code="s">cornell_aco000371:v.13</subfield>
		<subfield code="s">cornell_aco000370:v.14</subfield>
		<subfield code="s">cornell_aco000369:v.15</subfield>
		<subfield code="s">cornell_aco000368:v.16</subfield>
		<subfield code="s">cornell_aco000367:v.17</subfield>
		<subfield code="s">cornell_aco000364:v.18</subfield>
		<subfield code="s">cornell_aco000365:v.19</subfield>
		<subfield code="s">cornell_aco000366:v.20</subfield>
		<subfield code="s">cornell_aco000361:v.21</subfield>
		<subfield code="s">cornell_aco000362:v.22</subfield>
		<subfield code="s">cornell_aco000363:v.23</subfield>
	</datafield>
</record>
